@article{Christen2009,
    title = {{Development and user experiences of an open source data cleaning, deduplication and record linkage system}},
    year = {2009},
    journal = {ACM SIGKDD Explorations Newsletter},
    author = {Christen, Peter},
    number = {1},
    pages = {39},
    volume = {11},
    url = {http://portal.acm.org/citation.cfm?doid=1656274.1656282},
    doi = {10.1145/1656274.1656282},
    issn = {19310145},
    keywords = {dardisation, data linkage, data stan-, database matching, for detection of suspicious, gui, in health surveillance systems, is used, open source software, patterns, python, such as outbreaks of, to enrich data that}
}

@article{Jin2007,
    title = {{Privacy-Preserving Sequential Pattern Release}},
    year = {2007},
    author = {Jin, Huidong and Chen, Jie and He, Hongxing and Keefe, Christine M O},
    pages = {547--554},
    isbn = {9783540717003},
    issn = {03029743}
}

@article{Schnell2009,
    title = {{Privacy-preserving record linkage using Bloom filters}},
    year = {2009},
    journal = {BMC Medical Informatics and Decision Making},
    author = {Schnell, Rainer and Bachteler, Tobias and Reiher, JÃ¶rg},
    number = {1},
    pages = {1--11},
    volume = {9},
    isbn = {1472-6947; 1472-6947},
    doi = {10.1186/1472-6947-9-41},
    issn = {14726947},
    pmid = {19706187}
}

@article{Grannis2003,
    title = {{Analysis of a probabilistic record linkage technique without human review.}},
    year = {2003},
    journal = {AMIA 2003 Symposium Proceedings},
    author = {Grannis, Shaun J and Overhage, J Marc and Hui, Siu and McDonald, Clement J},
    number = {Figure 2},
    pages = {259--263},
    url = {http://www.ncbi.nlm.nih.gov/pubmed/14728174%5Cnhttp://www.pubmedcentral.nih.gov/articlerender.fcgi?artid=PMC1479910},
    isbn = {1942-597X (Electronic)},
    doi = {D030003683 [pii]},
    issn = {1942-597X},
    pmid = {14728174}
}

@article{Christen2008,
    title = {{Febrl-: an open source data cleaning, deduplication and record linkage system with a graphical user interface}},
    year = {2008},
    journal = {Proceeding of the 14th ACM SIGKDD international conference on Knowledge discovery and data mining},
    author = {Christen, Peter},
    pages = {1065--1068},
    url = {http://portal.acm.org/citation.cfm?id=1402020},
    isbn = {9781605581934},
    doi = {10.1145/1401890.1402020},
    keywords = {data cleaning, data linkage, data matching, de-, deduplication, language, open source software, platform for rapid prototype, python, python 1, the febrl system is, which is an ideal, written in the programming}
}

@article{Gu2003,
    title = {{Record linkage: Current practice and future directions}},
    year = {2003},
    journal = {Cmis},
    author = {Gu, Lifang and Baxter, Rohan},
    pages = {03/83},
    url = {http://festivalofdoubt.uq.edu.au/papers/record_linkage.pdf},
    keywords = {data cleaning, entity, entity identification, list washing, merge, object isomerism, purge, reconciliation, record linkage}
}

@article{Ariel2014,
    title = {{Record Linkage in Health Data: a simulation study}},
    year = {2014},
    author = {Ariel, Adelaide and Bakker, Bart (Statistics Netherlands, VU University) and De Groot, Mark and Van Grootheest, Gerard and Van der Laan, Jan and Smit, Jan and Verkerk, Bep},
    pages = {1--63},
    url = {www.biolink-nl.eu}
}

@article{VanGrootheest2015,
    title = {{Record linkage for health studies: three demonstration projects}},
    year = {2015},
    author = {Van Grootheest, Gerard and De Groot, Mark C.H. and Van der Laan, D.J. and Smit, Johannes H. and Bakker, Bart F.M.},
    pages = {1--71},
    url = {www.biolink-nl.eu%5Cnwww.cbs.nl},
    keywords = {Record linkage}
}

@article{Keefe2004,
    title = {{Privacy-Preserving Data Linkage Protocols Categories and Subject Descriptors}},
    year = {2004},
    journal = {Proceedings of the 2004 ACM workshop on Privacy in the electronic society},
    author = {Keefe, Christine M O and Baxter, Rohan},
    pages = {94--102},
    url = {https://dl.acm.org/citation.cfm?id=1029203},
    isbn = {1581139683},
    doi = {10.1145/1029179.1029203},
    keywords = {all or part of, confidentiality, data extraction, data linkage, is granted without fee, or hard copies of, permission to make digital, personal or classroom use, privacy, provided that copies are, this work for}
}

@article{Karapiperis2017,
    title = {{FEDERAL: A Framework for Distance-Aware Privacy-Preserving Record Linkage}},
    year = {2017},
    journal = {IEEE Transactions on Knowledge and Data Engineering},
    author = {Karapiperis, Dimitrios and Gkoulalas-Divanis, Aris and Verykios, Vassilios S.},
    number = {2},
    pages = {1--1},
    volume = {30},
    url = {http://ieeexplore.ieee.org/document/8063935/},
    doi = {10.1109/TKDE.2017.2761759},
    issn = {1041-4347}
}

@article{Phua2012ResilientDetection,
    title = {{Resilient identity crime detection}},
    year = {2012},
    journal = {IEEE Transactions on Knowledge and Data Engineering},
    author = {Phua, Clifton and Smith-Miles, Kate and Lee, Vincent and Gayler, Ross},
    number = {3},
    pages = {533--546},
    volume = {24},
    isbn = {1041-4347},
    doi = {10.1109/TKDE.2010.262},
    issn = {10414347},
    keywords = {Data mining-based fraud detection, anomaly detection, data stream mining, security}
}

@article{Hernandez1998Real-worldProblem,
    title = {{Real-world Data is Dirty: Data Cleansing and The Merge/Purge Problem}},
    year = {1998},
    journal = {Data Mining and Knowledge Discovery},
    author = {Hern{\'{a}}ndez, Mauricio A and Stolfo, Salvatore J},
    number = {1},
    pages = {9--37},
    volume = {2},
    url = {http://link.springer.com/10.1023/A:1009761603038%5Cnpapers3://publication/doi/10.1023/A:1009761603038},
    isbn = {1384-5810},
    doi = {10.1023/A:1009761603038},
    issn = {13845810 (ISSN)},
    pmid = {25246403},
    arxivId = {arXiv:1011.1669v3},
    keywords = {data cleaning, data cleansing, duplicate elimination, semantic integration}
}

@article{Baxter2003ALinkage,
    title = {{A Comparison of Fast Blocking Methods for Record Linkage}},
    year = {2003},
    journal = {Proceedings of the Ninth ACM SIGKDD International Conference on Knowledge Discovery and Data Mining, Workshop},
    author = {Baxter, Rohan and Christen, Peter and Churches, Tim},
    pages = {25--27},
    isbn = {3-540-29754-5},
    doi = {10.1007/978-3-319-11257-2{\_}20},
    issn = {16113349},
    arxivId = {1407.3191},
    keywords = {139, cmis technical report 03, data integration, object reconciliation, published in the first, record linkage, sion of the paper, this is the 6-page, ver-, workshop on data}
}

@article{Fellegi1969ALinkage,
    title = {{A Theory for Record Linkage}},
    year = {1969},
    journal = {Journal of the American Statistical Association},
    author = {Fellegi, Ivan P. and Sunter, Alan B.},
    number = {328},
    pages = {1183--1210},
    volume = {64},
    isbn = {01621459},
    doi = {10.1080/01621459.1969.10501049},
    issn = {1537274X},
    arxivId = {arXiv:1011.2649v3}
}

@article{Cohen2003ARecords,
    title = {{A comparison of string metrics for matching names and records}},
    year = {2003},
    journal = {KDD Workshop on Data Cleaning and Object Consolidation},
    author = {Cohen, William W and Ravikumar, Pradeep and Fienberg, Stephen E},
    pages = {73--78},
    volume = {3},
    url = {http://citeseerx.ist.psu.edu/viewdoc/download?doi=10.1.1.15.178&amp;rep=rep1&amp;type=pdf%5Cnhttp://www.mendeley.com/research/a-comparison-of-string-metrics-for-matching-names-and-records/%5Cnpapers2://publication/uuid/DFC4F22F-B517-495E-B91C-A5F9354A5F04},
    isbn = {3-540-29754-5},
    doi = {citeulike-article-id:964346}
}

@article{Vatsalan2013ATechniques,
    title = {{A taxonomy of privacy-preserving record linkage techniques}},
    year = {2013},
    journal = {Information Systems},
    author = {Vatsalan, Dinusha and Christen, Peter and Verykios, Vassilios S.},
    number = {6},
    pages = {946--969},
    volume = {38},
    publisher = {Elsevier},
    url = {http://dx.doi.org/10.1016/j.is.2012.11.005},
    isbn = {0306-4379},
    doi = {10.1016/j.is.2012.11.005},
    issn = {03064379},
    keywords = {Data matching, Data quality, Entity resolution, Privacy techniques, Record linkage, Survey}
}

@article{Christen2002FebrlChurches,
    title = {{Febrl - Freely extensible biomedical record linkage . Peter Christen and Tim Churches}},
    year = {2002},
    author = {Christen, Peter and Churches, Tim},
    number = {October}
}

@article{Schnell2004ALinkage,
    title = {{A Toolbox for Record Linkage}},
    year = {2004},
    journal = {Austrian Journal of Statistics},
    author = {Schnell, Rainer and Bachteler, Tobias and Bender, Stefan},
    number = {1},
    pages = {125--133},
    volume = {33},
    keywords = {record linkage, string similarity MTB merge tool box}
}

@article{deVries2011RobustFilters,
    title = {{Robust Record Linkage Blocking Using Suffix Arrays and Bloom Filters}},
    year = {2011},
    journal = {ACM Transactions on Knowledge Discovery from Data},
    author = {de Vries, Timothy and Ke, Hui and Chawla, Sanjay and Christen, Peter},
    number = {2},
    pages = {1--27},
    volume = {5},
    url = {http://portal.acm.org/citation.cfm?doid=1921632.1921635},
    isbn = {9781605585123},
    doi = {10.1145/1921632.1921635},
    issn = {15564681}
}

@book{Siekmann1998LectureIntelligence,
    title = {{Lecture Notes in Artificial Intelligence}},
    year = {1998},
    booktitle = {Lecture Notes in Computer Science},
    author = {Siekmann, J},
    pages = {421--437},
    volume = {1529},
    url = {http://portal.acm.org/citation.cfm?id=945844},
    isbn = {9783642013065}
}

@article{Brizan2006AMethodologies,
    title = {{A Survey of Entity Resolution and Record Linkage Methodologies}},
    year = {2006},
    journal = {Communications of the IIMA},
    author = {Brizan, David Guy and Tansel, Abdullah Uz},
    number = {3},
    pages = {41--50},
    volume = {6},
    isbn = {1941-6687},
    issn = {1941-6687}
}

@article{Sayers2016ProbabilisticLinkage,
    title = {{Probabilistic record linkage}},
    year = {2016},
    journal = {International journal of epidemiology},
    author = {Sayers, Adrian and Ben-Shlomo, Yoav and Blom, Ashley W. and Steele, Fiona},
    number = {3},
    pages = {954--964},
    volume = {45},
    isbn = {1464-3685 (Electronic)0300-5771 (Linking)},
    doi = {10.1093/ije/dyv322},
    issn = {14643685},
    pmid = {26686842},
    keywords = {Record linkage, bias, data linkage, epidemiological methods, medical record linkage}
}

@article{Newcombe1959AutomaticRecords.,
    title = {{Automatic linkage of vital records.}},
    year = {1959},
    journal = {Science (New York, N.Y.)},
    author = {Newcombe, H B and Kennedy, J M and Axford, S J and James, a P},
    pages = {954--959},
    volume = {130},
    isbn = {0036-8075 (Print){\textbackslash}r0036-8075},
    doi = {http://dx.doi.org/10.1126{\%}252Fscience.130.3381.954},
    issn = {0036-8075},
    pmid = {14426783},
    keywords = {PUNCHED-CARD SYSTEMS, VITAL STATISTICS}
}

@article{Apra-E2010Slide1,
    title = {{Slide 1}},
    year = {2010},
    author = {{Apra-E} and Skandan, Ganesh and Kaye, Steven},
    pages = {1--8},
    url = {http://www.google.com/url?sa=t&source=web&cd=24&ved=0CDAQFjADOBQ&url=http://www.neicorporation.com/white-papers/Lithium-titanate-LTO_Anode_high-rate-cycle-life-batteries.pdf&ei=MrONTqblKuTg0QHS7Yk-&usg=AFQjCNFSA4Z8SaBzZHYjQya4MuANShYNOg%5Cnpapers2://publi}
}

@misc{Federal.pdf,
    title = {{Federal.pdf}}
}

@article{Briscolini2017NewUncertainty,
    title = {{New Methods for Small Area Estimation with Linkage Uncertainty}},
    year = {2017},
    author = {Briscolini, Dario and Di Consiglio, Loredana and Liseo, Brunero and Tancredi, Andrea and Tuoto, Tiziana},
    pages = {1--27},
    url = {http://arxiv.org/abs/1712.02605},
    arxivId = {1712.02605},
    keywords = {markov chain monte carlo, measurement error, model, nested error, record linkage, uncertainty}
}